@article{wong2009introduction,
  title={Introduction to Chinese natural language processing},
  author={Wong, K.F. and Li, W. and Xu, R. and Zhang, Z.},
  journal={Synthesis Lectures on Human Language Technologies},
  volume={2},
  number={1},
  pages={1--148},
  year={2009},
  publisher={Morgan \& Claypool Publishers}
}


@Misc{ICTCLAS,
	author = {{Institute of Computing Technology, Chinese Academy of Sciences}},
	title =	 {{汉语词法分析系统ICTCLAS (Institute of Computing Technology, Chinese Lexical Analysis System)}},
	howpublished = {\url{http://ictclas.org/}},
	Lastchecked = {April 22, 2012},
	year = {2011}
}

@Misc{HowNet,
	author = {Dong, Zhendong and Dong, Qiang},
	title =	 {{知网 HowNet}},
	howpublished = {\url{http://www.keenage.com/}},
	Lastchecked = {April 22, 2012}
}



%%%%% Sina Weibo
@misc{bloombergSina,
  title = {{Sina's Weibo} Outlook Buoys {Internet} Stock Gains: {China} Overnight},
  howpublished = {\url{http://www.bloomberg.com/news/2012-02-28/sina-s-weibo-outlook-buoys-internet-stock-gains-in-n-y-china-overnight.html}},
  Lastchecked = {May 2, 2012}
}

@misc{WashingtonPostSina,
  title = {{China} shuts down microblog accounts amid rumors of coup attemps}, 
	howpublished={\url{http://www.washingtonpost.com/business/china-shuts-down-microblog-accounts-amid-rumors-of-coup-attemps/2012/04/28/gIQAxYTJoT_story.html}},
	Lastchecked = {May 2, 2012}
}
%%%%%%%%

@inproceedings{gawalt2010discovering,
  title={Discovering word associations in news media via feature selection and sparse classification},
  author={Gawalt, B. and Jia, J. and Miratrix, L. and El Ghaoui, L. and Yu, B. and Clavier, S.},
  booktitle={Proceedings of the international conference on Multimedia information retrieval},
  pages={211--220},
  year={2010},
  organization={ACM}
}

@inproceedings{ray2005supervised,
  title={Supervised versus multiple instance learning: An empirical comparison},
  author={Ray, S. and Craven, M.},
  booktitle={Proceedings of the 22nd international conference on Machine learning},
  pages={697--704},
  year={2005},
  organization={ACM}
}

@article{lee2011chinese,
  title={Chinese Sentiment Analysis Using Maximum Entropy},
  author={Lee, H.Y. and Renganathan, H.},
  journal={Sentiment Analysis where AI meets Psychology (SAAIP)},
  pages={89},
  year={2011}
}


@inproceedings{el2011sparse,
  title={Sparse machine learning methods for understanding large text corpora},
  author={EL GHAOUI, L. and LI, G.C. and DUONG, V.A.N. and PHAM, VU and SRIVASTAVA, A. and BHADURI, K.},
  booktitle={Proc. Conference on Intelligent Data Understanding},
  year={2011}
}

% the three articles regarding sampling on a graph 
@article{boyd2004fastest,
  title={Fastest mixing Markov chain on a graph},
  author={Boyd, S. and Diaconis, P. and Xiao, L.},
  journal={SIAM review},
  pages={667--689},
  year={2004},
  publisher={JSTOR}
}

@inproceedings{leskovec2006sampling,
  title={Sampling from large graphs},
  author={Leskovec, J. and Faloutsos, C.},
  booktitle={Proceedings of the 12th ACM SIGKDD international conference on Knowledge discovery and data mining},
  pages={631--636},
  year={2006},
  organization={ACM}
}

@inproceedings{wang2011understanding,
  title={Understanding graph sampling algorithms for social network analysis},
  author={Wang, T. and Chen, Y. and Zhang, Z. and Xu, T. and Jin, L. and Hui, P. and Deng, B. and Li, X.},
  booktitle={Distributed Computing Systems Workshops (ICDCSW), 2011 31st International Conference on},
  pages={123--128},
  year={2011},
  organization={IEEE}
}